<?xml version="1.0" encoding="UTF-8"?><collection xmlns="http://www.loc.gov/MARC21/slim"><record><leader>00482nam--2200157-i-4500</leader><controlfield tag="001">000040807</controlfield><controlfield tag="002">20161230</controlfield><controlfield tag="005">20161230201042</controlfield><controlfield tag="008">060222s1000------------r-----000-0-eng-d</controlfield><datafield ind1=" " ind2=" " tag="080"><subfield code="a">513.8:519.4</subfield></datafield><datafield ind1=" " ind2=" " tag="100"><subfield code="a">Schwartz,J.T</subfield></datafield><datafield ind1=" " ind2=" " tag="245"><subfield code="a">Differential geometry and topology. notes by adil naoum and joseph roitberg</subfield></datafield><datafield ind1=" " ind2=" " tag="260"><subfield code="a">New York, Gordon And Breach, 1968. Ix 170 P</subfield></datafield><datafield ind1=" " ind2=" " tag="490"><subfield code="a">Notes On Mathtematics And Its Applications</subfield></datafield><datafield ind1=" " ind2=" " tag="852"><subfield code="a">42453</subfield><subfield code="c">513</subfield></datafield><datafield ind1=" " ind2=" " tag="CAT"><subfield code="a">Sys</subfield><subfield code="c">20080528</subfield><subfield code="h">091026</subfield></datafield></record></collection>